<?xml version="1.0" encoding="UTF-8"?><collection xmlns="http://www.loc.gov/MARC21/slim"><record><leader>00343nam--2200121-i-4500</leader><controlfield tag="001">000043679</controlfield><controlfield tag="002">20161230</controlfield><controlfield tag="005">20161230201044</controlfield><controlfield tag="008">060222s1000------------r-----000-0-eng-d</controlfield><datafield ind1=" " ind2=" " tag="080"><subfield code="a">621.384.653.4:001.818</subfield></datafield><datafield ind1=" " ind2=" " tag="245"><subfield code="a">Tandem accelerator laboratory uppsala. annual report:1972</subfield></datafield><datafield ind1=" " ind2=" " tag="260"><subfield code="a">Uppsala, Tandem Accelerator Lab.,1972. 90 P</subfield></datafield><datafield ind1=" " ind2=" " tag="852"><subfield code="a">38399</subfield></datafield></record></collection>